@article{predatory,
    author={Agnes Grudniewicz and David Moher and Kelly D. Cobey and Gregory L. Bryson and Samantha Cukier and Kristiann Alle and Clare Ardern and Lesley Balcom and Tiago Barros and Monica Berger and Jairo Buitrago Ciro and Lucia Cugusi and Michael R. Donaldson and Matthias Egger and Ian D. Graham and Matt Hodgkinson and Karim M. Khan and Mahlubi Mabizela and Andrea Manca and Katrin Milzow and Johann Mouton and Marvelous Muchenje and Tom Olijhoek and Alexander Ommaya and Bhushan Patwardhan and Deborah Poff and Laurie Proulx and Marc Rodger and Anna Severin and Michaela Strinzel and Mauro Sylos-Labini and Robyn Tamblyn and Marthie van Niekerk and Jelte M. Wicherts and Manoj M. Lalu},
    title = {Predatory journals: no definition, no defence},
    year    = {2019},
    journal = {Nature},
    volume  = {576},
    pages   = {210--212}
}

@article{Weiss,
title = {A guide to writing articles in energy science},
journal = {Applied Energy},
volume = {88},
number = {11},
pages = {3941-3948},
year = {2011},
author = {Martin Weiss and Alexandra M. Newman}
}
